@misc{acm_categories,
	title = {{How to Classify Works Using ACM's Computing Classification System}},
	note = {\small{\url{http://www.acm.org/class/how_to_use.html}}},
},

@inproceedings{tooka,
	Author = {Sidney S. Fels and Florian Vogt},
	Booktitle = {2nd International Conference on New Interfaces for Musical Expression (NIME02)},
	Month = {May},
	Pages = {116-121},
	Repaddress = {http://hct.ece.ubc.ca/research/twopersons},
	Title = {Tooka: Explorations of Two Person Instruments},
	Url = {http://hct.ece.ubc.ca/publications/pdf/fels-vogt-NIME02.pdf},
	Year = {2002},
	Bdsk-Url-1 = {http://hct.ece.ubc.ca/publications/pdf/fels-vogt-NIME02.pdf}
},

@inproceedings{blui,
  title = {Blui: low-cost localized blowable user interfaces},
  author = {Shwetak N. Patel and Gregory D. Abowd},
  year = {2007},
  doi = {http://doi.acm.org/10.1145/1294211.1294250},
  researchr = {http://researchr.org/publication/PatelA07},
  cites = {0},
  citedby = {0},
  pages = {217-220},
  booktitle = {Proceedings of the 20th Annual ACM Symposium on User Interface Software and Technology, Newport, Rhode Island, USA, October 7-10, 2007},
  editor = {Chia Shen and Robert J. K. Jacob and Ravin Balakrishnan},
  publisher = {ACM},
},

@MISC{thepipe:,
    author = {Gary P. Scavone},
    title = {THE PIPE: Explorations with Breath Control},
    year = {2003}
},